<?xml version="1.0" encoding="UTF-8"?><collection xmlns="http://www.loc.gov/MARC21/slim"><record><leader>00339nam--2200109-i-4500</leader><controlfield tag="001">000037208</controlfield><controlfield tag="002">20161230</controlfield><controlfield tag="005">20161230201041</controlfield><controlfield tag="008">060222s1000------------r-----000-0-eng-d</controlfield><datafield ind1=" " ind2=" " tag="245"><subfield code="a">Quelques progres recents dans le domaine de nos connaissances en photographie corpussculaire</subfield></datafield><datafield ind1=" " ind2=" " tag="260"><subfield code="a">Strasbourg, Faculte Des Sciences, 1957. 6 P</subfield></datafield><datafield ind1=" " ind2=" " tag="852"><subfield code="a">6282</subfield></datafield></record></collection>